<record xmlns="http://www.loc.gov/MARC21/slim" xmlns:xsi="http://www.w3.org/2001/XMLSchema-instance" xsi:schemaLocation="http://www.loc.gov/MARC21/slim http://www.loc.gov/standards/marcxml/schema/MARC21slim.xsd"><leader>02012nam a2200457   4500</leader><controlfield tag="001">3535438</controlfield><controlfield tag="003">NIC</controlfield><controlfield tag="006">m        d        </controlfield><controlfield tag="007">cr cn |||m|||a</controlfield><controlfield tag="008">150222m19369999ae b    o     000 0 ara d</controlfield><datafield ind1=" " ind2=" " tag="040"><subfield code="a">NNU</subfield><subfield code="b">eng</subfield><subfield code="e">rda</subfield><subfield code="c">NNU</subfield></datafield><datafield ind1=" " ind2=" " tag="041"><subfield code="a">ara</subfield></datafield><datafield ind1="1" ind2=" " tag="100"><subfield code="a">Basset, Andre&#769;,</subfield><subfield code="d">1895-1956.</subfield></datafield><datafield ind1="1" ind2="0" tag="245"><subfield code="a">Atlas linguistiques des parlers berbe&#768;res.</subfield></datafield><datafield ind1=" " ind2=" " tag="260"><subfield code="a">Alger,</subfield><subfield code="c">1936-</subfield></datafield><datafield ind1=" " ind2=" " tag="300"><subfield code="a">online resource (volumes)</subfield></datafield><datafield ind1=" " ind2=" " tag="336"><subfield code="a">text</subfield><subfield code="2">rdacontent</subfield></datafield><datafield ind1=" " ind2=" " tag="337"><subfield code="a">computer</subfield><subfield code="2">rdamedia</subfield></datafield><datafield ind1=" " ind2=" " tag="338"><subfield code="a">online resource</subfield><subfield code="2">rdacarrier</subfield></datafield><datafield ind1="1" ind2=" " tag="490"><subfield code="a">Universite&#769; d'Alger. Faculte&#769; des lettres et sciences humaines. Institut d'e&#769;tides orientales.</subfield><subfield code="v">[Publications] 2</subfield></datafield><datafield ind1=" " ind2=" " tag="500"><subfield code="a">Text called "Notes."</subfield></datafield><datafield ind1=" " ind2=" " tag="500"><subfield code="a">Part of the Arabic Collections Online (ACO) project, contributed by Cornell University Libraries.</subfield></datafield><datafield ind1="1" ind2=" " tag="505"><subfield code="a">I. Alge&#769;rie-territories du nord: 1. Noms d' animaux domestiques. Fasc. 1-2. Cheval, mulet, ane, bovins.</subfield></datafield><datafield ind1=" " ind2=" " tag="533"><subfield code="a">Electronic reproduction.</subfield><subfield code="b">New York, N.Y. :</subfield><subfield code="c">New York University,</subfield><subfield code="d">2015.</subfield><subfield code="5">NNU</subfield></datafield><datafield ind1=" " ind2=" " tag="546"><subfield code="a">In Arabic.</subfield></datafield><datafield ind1=" " ind2="0" tag="650"><subfield code="a">Berber languages</subfield><subfield code="x">Etymology.</subfield></datafield><datafield ind1=" " ind2="0" tag="650"><subfield code="a">Berber languages</subfield><subfield code="x">Dialects.</subfield></datafield><datafield ind1=" " ind2="0" tag="650"><subfield code="a">Animals</subfield><subfield code="v">Nomenclature (Popular)</subfield></datafield><datafield ind1=" " ind2="6" tag="650"><subfield code="a">Berbe&#768;re (Langue)</subfield><subfield code="z">Alge&#769;rie</subfield><subfield code="x">E&#769;tymologie</subfield><subfield code="x">Atlas.</subfield></datafield><datafield ind1=" " ind2="6" tag="650"><subfield code="a">Berbe&#768;re (Langue)</subfield><subfield code="x">Dialectes</subfield><subfield code="z">Alge&#769;rie</subfield><subfield code="x">Atlas.</subfield></datafield><datafield ind1=" " ind2="6" tag="650"><subfield code="a">Animaux</subfield><subfield code="z">Alge&#769;rie</subfield><subfield code="x">Noms vernaculaires.</subfield></datafield><datafield ind1="0" ind2="7" tag="650"><subfield code="a">Atlas.</subfield><subfield code="2">swd</subfield></datafield><datafield ind1=" " ind2="7" tag="651"><subfield code="a">Algerien.</subfield><subfield code="2">swd</subfield></datafield><datafield ind1=" " ind2="7" tag="651"><subfield code="a">Berbersprachen.</subfield><subfield code="2">swd</subfield></datafield><datafield ind1="2" ind2=" " tag="710"><subfield code="a">Cornell University.</subfield><subfield code="b">Libraries.</subfield></datafield><datafield ind1="0" ind2=" " tag="730"><subfield code="a">Arabic Collections Online.</subfield></datafield><datafield ind1="0" ind2="8" tag="776"><subfield code="i">Print version:</subfield><subfield code="a">Basset, Andre&#769;, 1895-1956.</subfield><subfield code="t">Atlas linguistiques des parlers berbe&#768;res</subfield><subfield code="w">(NIC)3535438</subfield><subfield code="w">(OCoLC)40975757</subfield></datafield><datafield ind1="2" ind2=" " tag="810"><subfield code="a">Universite&#769; d'Alger.</subfield><subfield code="b">Faculte&#769; des lettres et sciences humaines.</subfield><subfield code="t">Institut d'e&#769;tides orientales. ;</subfield><subfield code="v">Publications 2.</subfield></datafield><datafield ind1="4" ind2="0" tag="856"><subfield code="u">http://hdl.handle.net/2333.1/612jm89m</subfield></datafield><datafield ind1=" " ind2=" " tag="959"><subfield code="a">NNU</subfield><subfield code="b">WEB</subfield><subfield code="c">GENI</subfield><subfield code="t">0</subfield><subfield code="m">Electronic access</subfield><subfield code="s">01</subfield></datafield><datafield ind1=" " ind2=" " tag="999"><subfield code="i">NIC_3535438</subfield><subfield code="o">(OCoLC)ocm40975757</subfield><subfield code="s">cornell_aco000165:v.1:pt.1</subfield></datafield></record>